<record><leader>00000cas a2200000 a 4500</leader><controlfield tag="001">9247722</controlfield><controlfield tag="008">830223d18751952mauwr ne      0    0eng c</controlfield><datafield ind1=" " ind2=" " tag="010"><subfield code="a">sn 83020053 </subfield></datafield><datafield ind1=" " ind2=" " tag="040"><subfield code="a">NPX</subfield><subfield code="b">eng</subfield><subfield code="c">NPX</subfield><subfield code="d">DLC</subfield><subfield code="d">NSD</subfield><subfield code="d">MGN</subfield><subfield code="d">DLC</subfield><subfield code="d">OCLCQ</subfield><subfield code="d">OCLCF</subfield></datafield><datafield ind1="1" ind2=" " tag="029"><subfield code="a">AU@</subfield><subfield code="b">000020395929</subfield></datafield><datafield ind1=" " ind2=" " tag="042"><subfield code="a">pcc</subfield></datafield><datafield ind1=" " ind2=" " tag="043"><subfield code="a">n-us-ma</subfield></datafield><datafield ind1="0" ind2="0" tag="050"><subfield code="a">Newspaper</subfield></datafield><datafield ind1="0" ind2="0" tag="245"><subfield code="a">Turner's public spirit.</subfield></datafield><datafield ind1=" " ind2=" " tag="260"><subfield code="a">Ayer, Mass. :</subfield><subfield code="b">John H. Turner</subfield></datafield><datafield ind1=" " ind2=" " tag="300"><subfield code="a">v.</subfield></datafield><datafield ind1=" " ind2=" " tag="310"><subfield code="a">Weekly</subfield></datafield><datafield ind1="1" ind2=" " tag="362"><subfield code="a">Began Feb. 13, 1875?</subfield></datafield><datafield ind1="0" ind2=" " tag="362"><subfield code="a">-83rd year, no. 52 (July 17, 1952).</subfield></datafield><datafield ind1=" " ind2=" " tag="530"><subfield code="a">Also issued on microfilm from the Library of Congress, Photoduplication Service.</subfield></datafield><datafield ind1=" " ind2=" " tag="588"><subfield code="a">Description based on: Mar. 13, 1875.</subfield></datafield><datafield ind1=" " ind2="0" tag="651"><subfield code="a">Ayer (Mass.)</subfield><subfield code="v">Newspapers.</subfield></datafield><datafield ind1=" " ind2="7" tag="655"><subfield code="a">Newspapers.</subfield><subfield code="2">fast</subfield><subfield code="0">(OCoLC)fst01423814</subfield></datafield><datafield ind1=" " ind2="7" tag="651"><subfield code="a">Massachusetts</subfield><subfield code="z">Ayer.</subfield><subfield code="2">fast</subfield><subfield code="0">(OCoLC)fst01229882</subfield></datafield><datafield ind1=" " ind2=" " tag="752"><subfield code="a">United States</subfield><subfield code="b">Massachusetts</subfield><subfield code="c">Middlesex</subfield><subfield code="d">Ayer.</subfield></datafield><datafield ind1="0" ind2="0" tag="780"><subfield code="t">Public spirit (Ayer, Mass. : 1872)</subfield><subfield code="w">(DLC)sn 83020052</subfield></datafield><datafield ind1="0" ind2="0" tag="785"><subfield code="t">Public spirit (Ayer, Mass. : 1952)</subfield><subfield code="x">0898-3216</subfield><subfield code="w">(DLC)sn 88000821</subfield></datafield></record>